4497 6076
3611 271 3760 328 fo
3830 260 3979 310 52

365 422 421 471 1
472 421 524 466 _
576 422 887 475 suster
938 428 1094 475 gut
1144 423 1456 471 Couisa
1508 426 1716 473 dias
1767 429 2026 475 getr:
2077 430 2181 475 in
2233 431 2389 478 to:
2440 434 2750 481 alhier

377 563 451 614 1
519 558 661 606 _o
731 559 872 605 _o
941 559 1011 605 „
1081 559 1503 612 anjela
1571 568 1852 616 dias
1920 569 1991 615 „

421 690 495 738 _
566 684 639 730 _
709 680 782 728 —
851 672 927 723 „
997 668 1501 720 dominga
1570 678 1859 730 dias
1930 685 2002 731 „
2074 681 2147 731 „

422 813 539 860 _o
596 797 947 857 vaders
1005 796 1355 846 eerste
1413 801 1822 858 broeder
1878 815 2345 864 kinderen
2403 817 2577 866 als

460 951 713 1006 Zoon
776 947 1092 995 gent:
1155 945 1535 993 Sieman
1597 949 1725 997 de
1786 954 2101 1003 kosta

496 1070 555 1116 1
612 1066 845 1114 Zijn
902 1064 1192 1110 vrouw
1249 1064 1424 1113 gut
1481 1068 1713 1115 anna
1770 1064 2175 1115 pieries

534 1204 602 1250 1
670 1196 944 1248 zoon
1011 1195 1284 1243 gent
1351 1187 1828 1246 andries

439 1301 769 1353 dogter
824 1302 1045 1350 gent
1098 1307 1318 1354 anna
1372 1310 1483 1358 de
1537 1311 1813 1360 coste
1866 1316 2141 1367 getr:
2195 1324 2306 1373 en
2359 1330 2470 1378 t:
2524 1335 2853 1388 alhier

536 1437 658 1491 _o
716 1430 1075 1480 suster
1134 1429 1492 1476 s-zoon
1551 1427 1730 1473 van
1790 1428 2030 1482 anna
2087 1439 2207 1486 de
2266 1443 2565 1496 costa
2623 1453 2803 1505 met
2860 1462 3100 1517 name
3158 1474 3634 1532 antronij

846 1538 975 1587 in
1038 1535 1359 1586 ouigt
1421 1534 1869 1581 geteeld

820 1653 1145 1703 vaders
1199 1654 1469 1702 twede
1522 1658 1900 1714 broeder
1953 1671 2224 1720 gent:
2277 1675 2495 1731 Joan
2546 1689 2657 1740 de
2708 1697 2981 1752 costa
3031 1706 3302 1758 woond
3354 1714 3462 1760 in
3516 1716 3653 1770 de

864 1760 1615 1814 raijgamcorle

635 1906 728 1954 _o
772 1903 819 1952 —
864 1899 1139 1948 vaders
1184 1898 1504 1944 suster.
1549 1898 1778 1944 Gest.
1824 1899 2053 1945 Jebel
2098 1901 2191 1947 de
2235 1903 2465 1953 Costa
2509 1908 2738 1953 getr:
2784 1907 2876 1953 en
2920 1904 3013 1951 w:
3057 1902 3196 1949 als
3241 1901 3471 1948 boven

374 2066 443 2116 d
510 2059 847 2116 vaers
915 2054 1253 2104 erick
1319 2054 1792 2102 broders
1859 2058 2400 2110 kinderen
2465 2069 2669 2128 als

396 2213 720 2267 1geet
782 2203 1108 2255 joian
1171 2199 1302 2247 de
1365 2191 1690 2243 costa

488 2356 546 2406 1
598 2352 812 2400 zoon
864 2345 1133 2396 gent:
1185 2340 1671 2389 philippoe

492 2484 817 2536 dogter
870 2481 926 2527 „
979 2475 1359 2526 adriana
1413 2475 1522 2520 de
1575 2475 1846 2520 costa
1900 2475 2171 2521 getr:
2225 2476 2334 2522 eu
2388 2478 2551 2525 is:
2604 2480 2713 2527 te
2767 2483 3148 2544 matiire

504 2619 832 2669 gent:
898 2618 1358 2667 adriaan

514 2764 677 2901 eij
737 2812 1134 2899 verouw
1201 2802 1408 2855 ger
1474 2799 1816 2850 maria
1884 2730 2126 2846 dias

560 3051 630 3117 1:
652 3033 897 3117 lamiba:/
926 3026 1083 3077 getr:
1110 3016 1176 3065 en
1206 3016 1393 3075 twoond
1423 3030 1487 3076 in
1517 3032 1581 3078 de
1610 3030 1985 3079 Raijgamkorle

762 3172 1112 3232 suster
1168 3168 1227 3215 „
1285 3168 1690 3216 adriana
1747 3168 1863 3214 de
1921 3166 2211 3214 costa

514 3183 639 3244 do

904 3319 1020 3371 _o
1075 3313 1134 3361 „
1189 3308 1531 3356 desela
1588 3311 1702 3357 de
1758 3313 2042 3361 costa
2099 3314 2383 3360 getr:
2440 3314 2554 3359 en
2610 3314 2725 3362 w:
2781 3316 3123 3367 alhier

896 3483 1016 3531 _o
1075 3480 1136 3527 —
1193 3473 1610 3524 Sikelia
1669 3472 1788 3518 de
1847 3472 2144 3519 Costa
2203 3473 2381 3520 _o—
2440 3475 2559 3522 in
2619 3477 2797 3524 het
2856 3478 3691 3546 dorperrelwolle

2176 549 2232 598 „
2283 550 2388 597 in
2439 552 2595 597 het
2647 553 3373 614 dorpmieriehave

2625 678 2678 724 „
2728 684 3243 745 pauepitte.

665 1652 744 1702 e

4138 2216 4262 2264 53

441 3343 505 3392 1
558 3316 681 3378 _o

568 3483 735 3545 _„o

108 3839 275 3888 N:o
331 3840 499 3890 26.
552 3842 665 3889 1.
720 3843 1111 3895 Pointje
1165 3850 1444 3896 hamij
1499 3852 1722 3898 wed:
1777 3854 1944 3901 van
1999 3857 2389 3906 motiege
2444 3861 2611 3907 den
2667 3861 3279 3908 konstantino
3334 3865 3680 3929 appor„

840 3961 1388 4022 hamy

3291 3976 3661 4027 bell

482 4206 543 4252 2
604 4199 965 4248 zoonen
1023 4190 1204 4242 als

544 4328 601 4377 1
653 4320 815 4370 get
866 4307 1244 4363 constan
1298 4305 1406 4351 in
1458 4303 1567 4349 on
1620 4300 1781 4347 egt
1834 4293 2156 4346 getalo

540 4452 704 4514 1.
779 4438 862 4489 „
938 4421 1495 4478 hendrik
1569 4400 1731 4460 _o

482 4582 916 4655 dogter
988 4568 1276 4625 gen:
1346 4553 1994 4610 babohamij
2065 4550 2214 4600 _o

352 4746 452 4800 18
499 4743 548 4788 –
597 4743 792 4789 mans
839 4735 1133 4787 sutter
1182 4729 1377 4779 gen:
1424 4723 1718 4773 anteni
1765 4719 1864 4767 ha
1912 4712 2108 4762 dias
2155 4707 2351 4756 getr
2399 4702 2498 4749 en
2546 4701 2693 4747 co:
2741 4703 2839 4749 in
2887 4700 2986 4748 't
3033 4697 3229 4744 dorp
3277 4697 3375 4744 na
3424 4699 3669 4751 welle

349 4896 424 4952 1
487 4878 694 4931 d=o
761 4873 830 4920 d
897 4868 1102 4917 d=o
1169 4865 1238 4912 „
1302 4844 1645 4907 maria
1713 4839 1985 4888 dias
2052 4834 2121 4881 —
2189 4832 2325 4879 _o
2392 4836 2529 4884 _o
2597 4832 2665 4877 „
2731 4824 2937 4876 _=o
3004 4817 3957 4868 hattouvawvolle

3411 4938 3503 4986 „

3300 5592 3514 5648 30
